
@article{harrison2023,
	title = {An adaptable integrated modelling platform to support rapidly evolving agricultural and environmental policy},
	author = {Harrison, Paula A. and Beauchamp, Kate and Cooper, Joe and Dickie, Ian and Fitch, Alice and Gooday, Richard and Hollaway, Michael and Holman, Ian P. and Hunt, Merryn and Jones, Laurence and Mondain-Monval, Thomas and Sandars, Daniel and Siriwardena, Gavin and Seaton, Fiona and Smart, Simon and Thomas, Amy and West, Bede and Whittaker, Freya and Carnell, Ed and Matthews, Robert W. and Neupauer, Sophie and Saraev, Vadim and Scheffler, Janice and Trembath, Philip and Vieno, Massimo and Williams, Adrian C. and Dunford, Robert W.},
	year = {2023},
	month = {11},
	date = {2023-11-01},
	journal = {Environmental Modelling and Software},
	pages = {105821},
	volume = {169},
	doi = {10.1016/j.envsoft.2023.105821},
	url = {https://www.sciencedirect.com/science/article/pii/S1364815223002074}
}

@book{ushey2023,
	title = {reticulate: Interface to 'Python'},
	author = {Ushey, Kevin and Allaire, J. J. and Tang, Yuan},
	year = {2023},
	date = {2023}
}

@article{peeters2022,
	title = {A spatial causal network approach for multi-stressor risk analysis and mapping for environmental impact assessments},
	author = {Peeters, Luk J.M. and Holland, Kate L. and Huddlestone-Holmes, Cameron and Boulton, Andrew J.},
	year = {2022},
	month = {01},
	date = {2022-01},
	journal = {Science of The Total Environment},
	pages = {149845},
	volume = {802},
	doi = {10.1016/j.scitotenv.2021.149845},
	url = {https://linkinghub.elsevier.com/retrieve/pii/S0048969721049202},
	langid = {en}
}

@book{allaire2022,
	title = {Quarto},
	author = {Allaire, J.J. and Teague, Charles and Scheidegger, Carlos and Xie, Yihui and Dervieux, Christophe},
	year = {2022},
	month = {01},
	date = {2022-01},
	doi = {10.5281/zenodo.5960048},
	url = {https://github.com/quarto-dev/quarto-cli},
	note = {DOI: 10.5281/zenodo.5960048}
}

@techreport{nswdepartmentofplanningandenvironment2020,
	title = {Murrumbidgee Surface Water Resource Plan SW9 Water Resource Plan Area},
	author = {NSW Department of Planning and Environment, },
	year = {2020},
	month = {07},
	date = {2020-07},
	langid = {en}
}

@techreport{lobegeiger2022,
	title = {Border Rivers and Moonie Long-Term Watering Plan},
	author = {Lobegeiger, Jaye and Prior, Andrea},
	year = {2022},
	date = {2022}
}

@article{murray-darlingbasinauthority2011,
	title = {Delivering A Healthy Working Basin},
	author = {Murray-Darling Basin Authority, },
	year = {2011},
	month = {11},
	date = {2011-11},
	journal = {Basin Plan},
	langid = {en}
}

@techreport{stern2019,
	title = {Management of the Colorado River: Water Allocations, Drought, and the Federal Role},
	author = {Stern, Charles V and Sheikh, Pervaze A},
	year = {2019},
	month = {03},
	date = {2019-03-21},
	langid = {en}
}

@article{kaye-blake2014,
	title = {Water management in New Zealand : A road map for understanding water value},
	author = {Kaye-Blake, Bill and Schilling, Chris and Nixon, Chris and Destremau, Killian},
	year = {2014},
	month = {03},
	date = {2014-03-17},
	journal = {NZIER Working Paper},
	series = {NZIER Working Paper},
	url = {https://ideas.repec.org//p/ris/nzierw/2014_001.html},
	note = {Number: 2014/1
Publisher: New Zealand Institute of Economic Research},
	langid = {en}
}

@article{moore2021,
	title = {Toward effective river basin management (RBM): The politics of cooperation, sustainability, and collaboration in the Delaware River basin},
	author = {Moore, Scott},
	year = {2021},
	month = {11},
	date = {2021-11-15},
	journal = {Journal of Environmental Management},
	pages = {113421},
	volume = {298},
	doi = {10.1016/j.jenvman.2021.113421},
	url = {https://www.sciencedirect.com/science/article/pii/S0301479721014833}
}

@article{lester2019,
	title = {Wise use: using ecological models to understand and manage aquatic ecosystems},
	author = {Lester, Rebecca E.},
	year = {2019},
	date = {2019},
	journal = {Marine and Freshwater Research},
	doi = {10.1071/MF18402},
	url = {http://www.publish.csiro.au/?paper=MF18402},
	langid = {en}
}

@inbook{hart2021,
	title = {Chapter 1 - Introduction to the Murray{\textendash}Darling Basin system, Australia},
	author = {Hart, Barry T. and Bond, Nick R. and Byron, Neil and Pollino, Carmel A. and Stewardson, Michael J.},
	editor = {Hart, Barry T. and Bond, Nick R. and Byron, Neil and Pollino, Carmel A. and Stewardson, Michael J.},
	year = {2021},
	month = {01},
	date = {2021-01-01},
	publisher = {Elsevier},
	pages = {1--17},
	series = {Ecohydrology from Catchment to Coast},
	volume = {1},
	doi = {10.1016/B978-0-12-818152-2.00001-2},
	url = {https://www.sciencedirect.com/science/article/pii/B9780128181522000012},
	note = {DOI: 10.1016/B978-0-12-818152-2.00001-2}
}

@article{ziolkowska2016,
	title = {Effectiveness of Water Management in Europe in the 21st Century},
	author = {Ziolkowska, Jadwiga R. and Ziolkowski, Bozydar},
	year = {2016},
	month = {05},
	date = {2016-05-01},
	journal = {Water Resources Management},
	pages = {2261--2274},
	volume = {30},
	number = {7},
	doi = {10.1007/s11269-016-1287-9},
	url = {https://doi.org/10.1007/s11269-016-1287-9},
	langid = {en}
}

@book{connor2015,
	title = {The United Nations world water development report 2015: water for a sustainable world},
	author = {Connor, Richard},
	year = {2015},
	date = {2015},
	publisher = {UNESCO},
	url = {https://unesdoc.unesco.org/ark:/48223/pf0000231823},
	address = {France},
	langid = {English}
}

@article{loire2021,
	title = {From flushing flows to (eco)morphogenic releases: evolving terminology, practice, and integration into river management},
	author = {Loire, {Rémi} and {Piégay}, {Hervé} and Malavoi, {Jean-René} and Kondolf, G. Mathias and {Bêche}, Leah A.},
	year = {2021},
	month = {02},
	date = {2021-02-01},
	journal = {Earth-Science Reviews},
	pages = {103475},
	volume = {213},
	doi = {10.1016/j.earscirev.2020.103475},
	url = {https://www.sciencedirect.com/science/article/pii/S0012825220305213}
}

@techreport{brooks2021,
	title = {ANAE Classification of the Murray-Darling Basin Technical Report, Revision 3.0},
	author = {Brooks, Shane},
	year = {2021},
	month = {03},
	date = {2021-03}
}


@article{neave2015,
	title = {Managing water in the Murray-Darling Basin under a variable and changing climate},
	author = {Neave, I. and McLeod, A. and Raisin, G. and Swirepik, J.},
	year = {2015},
	date = {2015},
	journal = {Water: Journal of the Australian Water Association},
	pages = {102--107},
	volume = {42},
	number = {2},
	doi = {10.3316/informit.269194666182946},
	url = {https://search.informit.org/doi/abs/10.3316/INFORMIT.269194666182946},
	note = {Publisher: Australian Water Association}
}

@techreport{holt2022,
	title = {Architecture design for the Climate Adaptation toolkit workflow},
	author = {Holt, Galen and Dwyer, Georgia K. and Robertson, David and Bailey, Joel and Job, Martin and Palmer, Lara and Lester, Rebecca E.},
	year = {2022},
	date = {2022},
	url = {https://www.mdba.gov.au/publications-and-data/publications/murray-darling-water-and-environment-research-program-md-werp}
}

@article{sheldon2024,
	title = {Are environmental water requirements being met in the Murray{\textendash}Darling Basin, Australia?},
	author = {Sheldon, Fran and Rocheta, Eytan and Steinfeld, Celine and Colloff, Matthew J. and Moggridge, Brad and Carmody, Emma and Hillman, Terry and Kingsford, Richard T. and Pittock, Jamie},
	year = {2024},
	month = {05},
	date = {2024-05-22},
	journal = {Marine and Freshwater Research},
	volume = {75},
	number = {8},
	doi = {10.1071/MF23172},
	url = {https://www.publish.csiro.au/mf/MF23172},
	note = {Publisher: CSIRO PUBLISHING},
	langid = {en}
}

@article{martínez2019,
	title = {A complex network approach to environmental impact assessment},
	author = {{Martínez}, Liven Fernando and Toro, Javier and {J. León}, Carmelo},
	year = {2019},
	month = {09},
	date = {2019-09-03},
	journal = {Impact Assessment and Project Appraisal},
	pages = {407--420},
	volume = {37},
	number = {5},
	doi = {10.1080/14615517.2018.1552442},
	url = {https://doi.org/10.1080/14615517.2018.1552442},
	note = {Publisher: Taylor & Francis
{\_}eprint: https://doi.org/10.1080/14615517.2018.1552442}
}

@article{holt2024,
	title = {A flexible consistent framework for modelling multiple interacting environmental responses to management in space and time},
	author = {Holt, Galen and Macqueen, Ashley and Lester, Rebecca E.},
	year = {2024},
	month = {09},
	date = {2024-09-01},
	journal = {Journal of Environmental Management},
	pages = {122054},
	volume = {367},
	doi = {10.1016/j.jenvman.2024.122054},
	url = {https://www.sciencedirect.com/science/article/pii/S0301479724020401}
}
